@article{KF,
    author = {Kalman, R. E.},
    title = "{A New Approach to Linear Filtering and Prediction Problems}",
    journal = {Journal of Basic Engineering},
    volume = {82},
    number = {1},
    pages = {35-45},
    year = {1960},
    month = {03},
}


@article{quest,
  title={Quest: A quaternion-based approach for camera motion estimation from minimal feature points},
  author={Fathian, Kaveh and Ramirez-Paredes, J Pablo and Doucette, Emily A and Curtis, J Willard and Gans, Nicholas R},
  journal={IEEE Robotics and Automation Letters},
  volume={3},
  number={2},
  pages={857--864},
  year={2018},
  publisher={IEEE}
}


@inproceedings{vest,
  title={Position-based visual servo control of leader-follower formation using image-based relative pose and relative velocity estimation},
  author={Dani, Ashwin P and Gans, N and Dixon, Warren E},
  booktitle={2009 American Control Conference},
  pages={5271--5276},
  year={2009},
  organization={IEEE}
}

@inproceedings{rotella2014state,
  title={State estimation for a humanoid robot},
  author={Rotella, Nicholas and Bloesch, Michael and Righetti, Ludovic and Schaal, Stefan},
  booktitle={2014 IEEE/RSJ International Conference on Intelligent Robots and Systems},
  pages={952--958},
  year={2014},
  organization={IEEE}
}

@article{huynh2009metrics,
  title={Metrics for 3D rotations: Comparison and analysis},
  author={Huynh, Du Q},
  journal={Journal of Mathematical Imaging and Vision},
  volume={35},
  number={2},
  pages={155--164},
  year={2009},
  publisher={Springer}
}



@inproceedings{shi2013sift,
  title={SIFT feature point matching based on improved RANSAC algorithm},
  author={Shi, Guangjun and Xu, Xiangyang and Dai, Yaping},
  booktitle={2013 5th International Conference on Intelligent Human-Machine Systems and Cybernetics},
  volume={1},
  pages={474--477},
  year={2013},
  organization={IEEE}
}
